// Le site de Open Street Map: openstreetmap.org
// -> le quartier prairie: https://www.openstreetmap.org/#map=19/46.20833/6.13573
@misc{openstreetmap,
	title = {{OpenStreetMap}},
	url = {https://www.openstreetmap.org/},
	abstract = {OpenStreetMap is a map of the world, created by people like you and free to use under an open license.},
	language = {en},
	urldate = {2022-03-15},
	journal = {OpenStreetMap},
}

// Le site de Malaspinas: malaspinas.academy
// -> les exercices: https://malaspinas.academy/prog_seq/#/programmation-en-rust
@misc{malaspinas,
	title = {Malaspinas.academy},
	url = {https://malaspinas.academy/},
	language = {fr},
	urldate = {2022-03-15},
	journal = {Quelques cours de la filière ISC de hepia},
	author = {Malaspinas, Orestis Pileas},
}

// le site des opendata: opentransportdata.swiss/fr/
// -> le schéma de la structure de données gtfs: https://opentransportdata.swiss/de/cookbook/gtfs/
@misc{le_site_des_gtfs,
	title = {Open data platform mobility {Switzerland} {\textbar} {Open} data platform for customer information on {Swiss} public transport},
	url = {https://opentransportdata.swiss/en/},
	language = {en-US},
	urldate = {2022-03-15},
}

// le site des TPG: tpg.ch
// -> la carte des TPG: https://www.tpg.ch/sites/default/files/2021-11/plan_geographique_tpg-2021.12.12.pdf
// -> le plan de connexions de Bel-Air: https://www.tpg.ch/sites/default/files/arrets_plan_de_connexion/BAIR_12122021.pdf
@misc{le_site_des_tpg,
	title = {La vie mobile {\textbar} tpg transports publics genevois},
	url = {https://www.tpg.ch/fr},
	abstract = {Les Transports publics genevois tpg : opérateur de transport public de référence de la région genevoise. Horaires, lignes, tarifs, titres de transport, informations...},
	urldate = {2022-03-15},
}

// le site des SITG: etat.ge.ch/geoportail/pro/
// -> plan de connexion Bel-Air SITG: https://www.etat.ge.ch/geoportail/pro/?portalresources=TPG_ARRETS
@misc{le_site_des_sitg,
	title = {{SITG} {\textbar} {Carte} interactive},
	url = {https://www.etat.ge.ch/geoportail/pro/?portalresources=TPG_ARRETS},
	abstract = {Carte interactive du système d'information du territoire genevois},
	language = {fr},
	urldate = {2022-03-15},
	note = {publisher: République et Canton de Genève},
}

// A/B Street: abstreet.org
// -> doc user: https://a-b-street.github.io/docs/user/index.html
// -> doc dev : https://a-b-street.github.io/docs/tech/dev/index.html
@misc{abstreet,
	type = {Github repository},
	title = {A/{B} {Street}},
	url = {https://github.com/a-b-street/abstreet#ab-street},
	abstract = {Ever been stuck in traffic on a bus, wondering why is there legal street parking instead of a dedicated bus lane? A/B Street is a project to plan, simulate, and communicate visions for making cities friendlier to people walking, biking, and taking public transit. We create software to simulate traffic, edit streets and intersections, plan bike networks, create low-traffic neighborhoods, and educate the public about 15-minute neighborhoods through games. The project works anywhere in the world, thanks to OpenStreetMap.},
	language = {en-US},
	urldate = {2022-03-15},
	journal = {A/B Street},
	author = {Carlino, Dustin},
}

// Le site de Open Street Map: developers.google.com/transit/gtfs/reference?hl=fr
@misc{doc_google_gtfs,
	title = {Référence {\textbar} {Static} {Transit}},
	url = {https://developers.google.com/transit/gtfs/reference?hl=fr},
	abstract = {Ce document définit le format et la structure des fichiers comportant un ensemble de données GTFS.},
	language = {fr},
	urldate = {2022-03-15},
	journal = {Google Developers},
	month = nov,
	year = {2021},
}

// le livre pour le rust: www.amazon.fr/Rust-Programming-Language-Steve-Klabnik/dp/1593278284
@book{le_bouquin_de_rust,
	address = {San Francisco},
	title = {The {Rust} programming language},
	isbn = {9781593278281},
	abstract = {The Rust Programming Language is the official book on Rust, an open-source, community-developed systems programming language that runs blazingly fast, prevents segfaults, and guarantees thread safety. This is the undisputed go-to guide to Rust, written by two members of the Rust core team, with feedback and contributions from 42 members of the community. The book assumes that you’ve written code in another programming language but makes no assumptions about which one, meaning the material is accessible and useful to developers from a wide variety of programming backgrounds. },
	publisher = {No Starch Press},
	author = {Klabnik, Steve and Nichols, Carol},
	year = {2018},
	keywords = {Rust (Computer programming language), COMPUTERS / Programming / Open Source, COMPUTERS / Programming Languages / General, COMPUTERS / Programming / General},
}

// le nombre de personnes qui voyages quotidiennement avec les tpg: https://www.tpg.ch/sites/default/files/2021-07/TPG-RAG2020_WEB_pageparpage_FINAL.pdf
@techreport{le_rapport_des_tpg,
	address = {Genève},
	type = {Rapport de {Gestion}},
	title = {Rapport {Annuel} de {Gestion} 2020},
	shorttitle = {{TPG}-{RAG2020}},
	url = {https://www.tpg.ch/sites/default/files/2021-07/TPG-RAG2020_WEB_pageparpage_FINAL.pdf},
	abstract = {Chaque année, le rapport
annuel de gestion des tpg
présente les faits marquants
de l’année précédente,
les comptes et résultats
financiers, les statistiques
des lignes ou encore le bilan
social de l’entreprise.
L’année 2020 aura été
particulière, car vécue sous
le signe de la pandémie,
fil rouge du présent rapport.},
	language = {fr},
	urldate = {2022-03-15},
	institution = {République et Canton de Genève},
	author = {Denis, Berdoz},
	month = jan,
	year = {2020},
	pages = {60},
}

// le rapport sur la mobilité des gens dans le canton de genève: https://statistique.ge.ch/tel/publications/2019/analyses/communications/an-cs-2019-59.pdf
@techreport{la_mobilite_des_habitants_du_canton_de_geneve,
	address = {Genève},
	type = {Rapport de {Statistique}},
	title = {La {Mobilité} des {habitants} du {Canton} de {Genève}},
	shorttitle = {{MRMT}-{RS2019}},
	url = {https://statistique.ge.ch/tel/publications/2019/analyses/communications/an-cs-2019-59.pdf},
	abstract = {Résultats des microrecensements mobilité et transports (MRMT) 2000 à 2015},
	language = {fr},
	urldate = {2022-06-30},
	institution = {République et Canton de Genève},
	author = {Hervé, Montfort},
	month = may,
	year = {2019},
	pages = {17},
}

@misc{nhairi,
    title = {Répartiion de la population dans le canton de Genève et étude de leurs déplacements, {Gradechelor} },
    shorttitle = {Modélisation},
    url = {https://sitehepia.hesge.ch/diplome/ITI/2022/documents/N'Hairi-605},
    author = {N'Hairi, Ilias},
}

@misc{nhairi_project,
    title = {{ABsteet}, répartition de la population en sous-secteurs statistiques {Genève}},
    url = {https://gitedu.hesge.ch/ilias.nhairi/population_generator},
    author = {N'Hairi, Ilias},
}